@inproceedings{alonso2008crowdsourcing,
  title={Crowdsourcing for relevance evaluation},
  author={Alonso, Omar and Rose, Daniel E and Stewart, Benjamin},
  booktitle={ACM SigIR Forum},
  volume={42},
  number={2},
  pages={9--15},
  year={2008},
  organization={ACM}
}

@article{doan2011crowdsourcing,
  title={Crowdsourcing systems on the world-wide web},
  author={Doan, Anhai and Ramakrishnan, Raghu and Halevy, Alon Y},
  journal={Communications of the ACM},
  volume={54},
  number={4},
  pages={86--96},
  year={2011},
  publisher={ACM}
}

@inproceedings{horton2010labor,
  title={The labor economics of paid crowdsourcing},
  author={Horton, John Joseph and Chilton, Lydia B},
  booktitle={Proceedings of the 11th ACM conference on Electronic commerce},
  pages={209--218},
  year={2010},
  organization={ACM}
}

@inproceedings{kittur2008crowdsourcing,
  title={Crowdsourcing user studies with Mechanical Turk},
  author={Kittur, Aniket and Chi, Ed H and Suh, Bongwon},
  booktitle={Proceedings of the SIGCHI conference on human factors in computing systems},
  pages={453--456},
  year={2008},
  organization={ACM}
}


@inproceedings{willett2012strategies,
  title={Strategies for crowdsourcing social data analysis},
  author={Willett, Wesley and Heer, Jeffrey and Agrawala, Maneesh},
  booktitle={Proceedings of the SIGCHI Conference on Human Factors in Computing Systems},
  pages={227--236},
  year={2012},
  organization={ACM}
}

@inproceedings{brew2010using,
  title={Using Crowdsourcing and Active Learning to Track Sentiment in Online Media.},
  author={Brew, Anthony and Greene, Derek and Cunningham, P{\'a}draig},
  booktitle={ECAI},
  pages={145--150},
  year={2010}
}

@article{pang2008opinion,
  title={Opinion mining and sentiment analysis},
  author={Pang, Bo and Lee, Lillian},
  journal={Foundations and trends in information retrieval},
  volume={2},
  number={1-2},
  pages={1--135},
  year={2008},
  publisher={Now Publishers Inc.}
}
